<?xml version="1.0" encoding="UTF-8"?><collection xmlns="http://www.loc.gov/MARC21/slim"><record><leader>00456nam--2200133-i-4500</leader><controlfield tag="001">000040130</controlfield><controlfield tag="002">20161230</controlfield><controlfield tag="005">20161230201042</controlfield><controlfield tag="008">060222s1000------------r-----000-0-eng-d</controlfield><datafield ind1=" " ind2=" " tag="100"><subfield code="a">Salimaki,Kauno E</subfield></datafield><datafield ind1=" " ind2=" " tag="245"><subfield code="a">Die warmeausdehnungskkkoeffizienten von kci und kbr sowie ihrer festen losungen im temperaturintervall -180 bis 400 c</subfield></datafield><datafield ind1=" " ind2=" " tag="260"><subfield code="a">Helsinki, Suomalainen Tiedeakatemia, 1960. 39 P</subfield></datafield><datafield ind1=" " ind2=" " tag="490"><subfield code="a">Ann.Acad.Sci.Fennicae Series A:Physica</subfield></datafield><datafield ind1=" " ind2=" " tag="852"><subfield code="a">6361</subfield></datafield></record></collection>